@article {ba76,
  AUTHOR = {Bass, Hyman},
  TITLE = {Euler characteristics and characters of discrete groups},
  JOURNAL = {Invent. Math.},
  FJOURNAL = {Inventiones Mathematicae},
  VOLUME = {35},
  YEAR = {1976},
  PAGES = {155--196},
  ISSN = {0020-9910},
  MRCLASS = {20J05 (22E40)},
  MRNUMBER = {0432781 (55 \#5764)},
  MRREVIEWER = {Kenneth S. Brown},
}


@article {do61,
  AUTHOR = {Dold, Albrecht and Puppe, Dieter},
  TITLE = {Homologie nicht-additiver {F}unktoren. {A}nwendungen},
  JOURNAL = {Ann. Inst. Fourier Grenoble},
  FJOURNAL = {Universit\'e de Grenoble. Annales de l'Institut Fourier},
  VOLUME = {11},
  YEAR = {1961},
  PAGES = {201--312},
  ISSN = {0373-0956},
  MRCLASS = {18.20},
  MRNUMBER = {0150183 (27 \#186)},
  MRREVIEWER = {P. J. Hilton},
}


@book{la83,
  AUTHOR = {Lang, Serge},
  TITLE = {Abelian varieties},
  NOTE = {Reprint of the 1959 original},
  PUBLISHER = {Springer-Verlag},
  ADDRESS = {New York},
  YEAR = {1983},
  PAGES = {xii+256},
  ISBN = {0-387-90875-7},
  MRCLASS = {14Kxx},
  MRNUMBER = {713430 (84g:14041)},
}


